<?xml version="1.0" encoding="UTF-8"?><collection xmlns="http://www.loc.gov/MARC21/slim"><record><leader>00411nam--2200145-i-4500</leader><controlfield tag="001">000012978</controlfield><controlfield tag="002">20161230</controlfield><controlfield tag="005">20161230201030</controlfield><controlfield tag="008">060222s1000------------r-----000-0-eng-d</controlfield><datafield ind1=" " ind2=" " tag="080"><subfield code="a">550.3(082.1)</subfield></datafield><datafield ind1=" " ind2=" " tag="100"><subfield code="a">Bath, Marcus</subfield></datafield><datafield ind1=" " ind2=" " tag="245"><subfield code="a">Spectral analysis in geophysics</subfield></datafield><datafield ind1=" " ind2=" " tag="260"><subfield code="a">Amsterdam, Elsevier Scientific Publishing Co., 1974 Xv + 563 P</subfield></datafield><datafield ind1=" " ind2=" " tag="490"><subfield code="a">Developments In Solid Earth Geophysics</subfield></datafield><datafield ind1=" " ind2=" " tag="852"><subfield code="a">45436</subfield></datafield></record></collection>